@inproceedings{wu2019simplifying,
  title={Simplifying graph convolutional networks},
  author={Wu, Felix and Souza, Amauri and Zhang, Tianyi and Fifty, Christopher and Yu, Tao and Weinberger, Kilian},
  booktitle={International conference on machine learning},
  pages={6861--6871},
  year={2019},
  organization={PMLR}
}

@article{magister2021gcexplainer,
  title={GCExplainer: Human-in-the-Loop Concept-based Explanations for Graph Neural Networks},
  author={Magister, Lucie Charlotte and Kazhdan, Dmitry and Singh, Vikash and Li{\`o}, Pietro},
  journal={arXiv preprint arXiv:2107.11889},
  year={2021}
}

@article{chanpuriya2022simplified,
  title={Simplified Graph Convolution with Heterophily},
  author={Chanpuriya, Sudhanshu and Musco, Cameron},
  journal={arXiv preprint arXiv:2202.04139},
  year={2022}
}

@article{kipf2016semi,
  title={Semi-supervised classification with graph convolutional networks},
  author={Kipf, Thomas N and Welling, Max},
  journal={arXiv preprint arXiv:1609.02907},
  year={2016}
}

@article{ying2019gnnexplainer,
  title={Gnnexplainer: Generating explanations for graph neural networks},
  author={Ying, Zhitao and Bourgeois, Dylan and You, Jiaxuan and Zitnik, Marinka and Leskovec, Jure},
  journal={Advances in neural information processing systems},
  volume={32},
  year={2019}
}
@inproceedings{xu2018representation,
  title={Representation learning on graphs with jumping knowledge networks},
  author={Xu, Keyulu and Li, Chengtao and Tian, Yonglong and Sonobe, Tomohiro and Kawarabayashi, Ken-ichi and Jegelka, Stefanie},
  booktitle={International conference on machine learning},
  pages={5453--5462},
  year={2018},
  organization={PMLR}
}